@techreport{bound1989changes,
  title={Changes in the Structure of Wages during the 1980's: An Evaluation of Alternative Explanations},
  author={Bound, John and Johnson, George E},
  year={1989},
  institution={National Bureau of Economic Research}
}

@article{machin1998,
 ISSN = {00335533, 15314650},
 URL = {http://www.jstor.org/stable/2586979},
 author = {Stephen Machin, John Van Reenen},
 journal = {The Quarterly Journal of Economics},
 number = {4},
 pages = {1215-1244},
 publisher = {Oxford University Press},
 title = {Technology and Changes in Skill Structure: Evidence from Seven OECD Countries},
 volume = {113},
 year = {1998}
}

@book{RW,
    author    = "Carl Edward Rasmussen and Christopher K. I. Williams",
    title     = "Gaussian Process for Machine Learning",
    year      = "2006",
    publisher = "MIT Press",
}
 
@article{marelli2015distributed,
  title={Distributed weighted least-squares estimation with fast convergence for large-scale systems},
  author={Marelli, Dami{\'a}n Edgardo and Fu, Minyue},
  journal={Automatica},
  volume={51},
  pages={27--39},
  year={2015},
  publisher={Elsevier}
}

@inproceedings{azevedo1994laplace,
  title={Laplace's method approximations for probabilistic inferencein belief networks with continuous variables},
  author={Azevedo-Filho, Adriano and Shachter, Ross D},
  booktitle={Proceedings of the Tenth international conference on Uncertainty in artificial intelligence},
  pages={28--36},
  year={1994},
  organization={Morgan Kaufmann Publishers Inc.}
}

@article{woodbury1950inverting,
  title={Inverting modified matrices},
  author={Woodbury, Max A},
  journal={Memorandum report},
  volume={42},
  pages={106},
  year={1950},
  publisher={Princeton University Princeton, NJ}
}


@article{frey2013future,
  title={The future of employment: how susceptible are jobs to computerisation},
  author={Frey, Carl Benedikt and Osborne, Michael A},
  journal={Retrieved September},
  volume={7},
  pages={2013},
  year={2013}
}