@techreport{bound1989changes,
  title={Changes in the Structure of Wages during the 1980's: An Evaluation of Alternative Explanations},
  author={Bound, John and Johnson, George E},
  year={1989},
  institution={National Bureau of Economic Research}
}

@article{machin1998,
 ISSN = {00335533, 15314650},
 URL = {http://www.jstor.org/stable/2586979},
 author = {Stephen Machin, John Van Reenen},
 journal = {The Quarterly Journal of Economics},
 number = {4},
 pages = {1215-1244},
 publisher = {Oxford University Press},
 title = {Technology and Changes in Skill Structure: Evidence from Seven OECD Countries},
 volume = {113},
 year = {1998}
}

@book{RW,
    author    = "Carl Edward Rasmussen and Christopher K. I. Williams",
    title     = "Gaussian Process for Machine Learning",
    year      = "2006",
    publisher = "MIT Press",
}
 
@article{marelli2015distributed,
  title={Distributed weighted least-squares estimation with fast convergence for large-scale systems},
  author={Marelli, Dami{\'a}n Edgardo and Fu, Minyue},
  journal={Automatica},
  volume={51},
  pages={27--39},
  year={2015},
  publisher={Elsevier}
}

@inproceedings{azevedo1994laplace,
  title={Laplace's method approximations for probabilistic inferencein belief networks with continuous variables},
  author={Azevedo-Filho, Adriano and Shachter, Ross D},
  booktitle={Proceedings of the Tenth international conference on Uncertainty in artificial intelligence},
  pages={28--36},
  year={1994},
  organization={Morgan Kaufmann Publishers Inc.}
}

@article{woodbury1950inverting,
  title={Inverting modified matrices},
  author={Woodbury, Max A},
  journal={Memorandum report},
  volume={42},
  pages={106},
  year={1950},
  publisher={Princeton University Princeton, NJ}
}

@article{mckay2000comparison,
  title={A comparison of three methods for selecting values of input variables in the analysis of output from a computer code},
  author={McKay, Michael D and Beckman, Richard J and Conover, William J},
  journal={Technometrics},
  volume={42},
  number={1},
  pages={55--61},
  year={2000},
  publisher={Taylor \& Francis Group}
}

@book{brynjolfsson2012race,
  title={Race against the machine: How the digital revolution is accelerating innovation, driving productivity, and irreversibly transforming employment and the economy},
  author={Brynjolfsson, Erik and McAfee, Andrew},
  year={2012},
  publisher={Brynjolfsson and McAfee}
}

@article{frey2013future,
  title={The future of employment: how susceptible are jobs to computerisation},
  author={Frey, Carl Benedikt and Osborne, Michael A},
  journal={Retrieved September},
  volume={7},
  pages={2013},
  year={2013}
}

@article{hanley1982meaning,
  title={The meaning and use of the area under a receiver operating characteristic (ROC) curve.},
  author={Hanley, James A and McNeil, Barbara J},
  journal={Radiology},
  volume={143},
  number={1},
  pages={29--36},
  year={1982}
}

@article{bradley1997use,
  title={The use of the area under the ROC curve in the evaluation of machine learning algorithms},
  author={Bradley, Andrew P},
  journal={Pattern recognition},
  volume={30},
  number={7},
  pages={1145--1159},
  year={1997},
  publisher={Elsevier}
}

@techreport{david2001skill,
  title={The skill content of recent technological change: An empirical exploration},
  author={David, H and Levy, Frank and Murnane, Richard J},
  year={2001},
  institution={National Bureau of Economic Research}
}

@book{jolliffe2002principal,
  title={Principal component analysis},
  author={Jolliffe, Ian},
  year={2002},
  publisher={Wiley Online Library}
}

@misc{IPUMS1990,
  title = {IPUMS OCC1990 codes},
  howpublished = {{https://usa.ipums.org/usa-action/variables/OCC1990}},
  note = {Accessed: 2016-03-15},
  year = {1990}
}

@misc{SOC2010_2000,
  title = {Crosswalks between the 2010 SOC and systems used by 		other Federal and international statistical agencies},
  howpublished = {{http://www.bls.gov/soc/soccrosswalks.htm}},
  note = {Accessed: 2016-03-15},
  year = {2010}

  }
  
@misc{SOC2000_OCC,
  title = {Codes for Occupation (OCC) and SOC Occupation (OCCSOC) in the 2000 Census Samples},
  howpublished = {{https://usa.ipums.org/usa/volii/census\_occtooccsoc.shtml}},
  year = {2000}, 
  note = {Accessed: 2016-03-15}
  
  }

@misc{OCC2000_1990,
  title = {A crosswalk between the OCC1990 and OCC variables},
  howpublished = {{https://usa.ipums.org/usa/volii/occ\_ind.shtml}},
  note = {Accessed: 2016-03-15},
  year = {2000}
  }  
  


@article{kotsiantis2006data,
  title={Data preprocessing for supervised leaning},
  author={Kotsiantis, SB and Kanellopoulos, D and Pintelas, PE},
  journal={International Journal of Computer Science},
  volume={1},
  number={2},
  pages={111--117},
  year={2006}
}

@article{golub1965calculating,
  title={Calculating the singular values and pseudo-inverse of a matrix},
  author={Golub, Gene and Kahan, William},
  journal={Journal of the Society for Industrial and Applied Mathematics, Series B: Numerical Analysis},
  volume={2},
  number={2},
  pages={205--224},
  year={1965},
  publisher={SIAM}
}

@misc{minConf,
  author        = {M. Schmidt},
  title         = {minConf: projection methods for optimization with simple constraints in Matlab},
  howpublished={http://www.cs.ubc.ca/~schmidtm/Software/minConf.html},
  year = {2008}
}

[1] @book{levy2012new,
  title={The new division of labor: How computers are creating the next job market},
  author={Levy, Frank and Murnane, Richard J},
  year={2012},
  publisher={Princeton University Press}
}
